@article{Hong2018,
   title={Bounds on Multiple Self-avoiding Polygons},
   volume={61},
   ISSN={1496-4287},
   url={http://dx.doi.org/10.4153/CMB-2017-072-x},
   DOI={10.4153/cmb-2017-072-x},
   number={3},
   journal={Canadian Mathematical Bulletin},
   publisher={Canadian Mathematical Society},
   author={Hong, Kyungpyo and Oh, Seungsang},
   year={2018},
   month=sep, pages={518â€“530} }